<?xml version="1.0" encoding="UTF-8"?><collection><record><leader>05964ntm a2200529 a 4500</leader><controlfield tag="001">005985838</controlfield><controlfield tag="003">MiAaHDL</controlfield><controlfield tag="005">20190719000000.0</controlfield><controlfield tag="006">m        d        </controlfield><controlfield tag="007">cr bn ---auaua</controlfield><controlfield tag="008">090406q13491350xx            00| ||ara d</controlfield><datafield tag="035" ind1=" " ind2=" "><subfield code="a">(MiU)005985838</subfield></datafield><datafield tag="035" ind1=" " ind2=" "><subfield code="a">sdr-miu005985838</subfield></datafield><datafield tag="040" ind1=" " ind2=" "><subfield code="a">MiU</subfield><subfield code="c">MiU</subfield><subfield code="e">amremm</subfield></datafield><datafield tag="043" ind1=" " ind2=" "><subfield code="a">n-us-mi</subfield></datafield><datafield tag="100" ind1="1" ind2=" "><subfield code="6">880-01</subfield><subfield code="a">Zamakhsharī, Maḥmūd ibn ʻUmar,</subfield><subfield code="d">1075-1144.</subfield></datafield><datafield tag="240" ind1="1" ind2="0"><subfield code="6">880-02</subfield><subfield code="a">Kashshāf.</subfield><subfield code="n">Rubʼ 3</subfield></datafield><datafield tag="245" ind1="1" ind2="3"><subfield code="6">880-03</subfield><subfield code="a">al-Rubʻ al-thālith min Kitāb al-Kashshāf,</subfield><subfield code="f">[750, i.e. 1349 or 1350].</subfield></datafield><datafield tag="246" ind1="3" ind2=" "><subfield code="6">880-04</subfield><subfield code="i">From inscription on fol.1a:</subfield><subfield code="a">Juzʼ al-thālith min al-Kashshāf</subfield></datafield><datafield tag="260" ind1=" " ind2=" "><subfield code="c">[1349 or 1350]</subfield></datafield><datafield tag="300" ind1=" " ind2=" "><subfield code="a">300 leaves :</subfield><subfield code="b">paper ;</subfield><subfield code="c">240 x 160 (185 x 115) mm. bound to 245 x 165 mm.</subfield></datafield><datafield tag="500" ind1=" " ind2=" "><subfield code="a">Shelfmark: Ann Arbor, University of Michigan, Special Collections Library, Isl. Ms. 458</subfield></datafield><datafield tag="500" ind1=" " ind2=" "><subfield code="a">Origin: As appears in colophon on fol.300a, copied by Maḥmūd ibn ʻAbd al-Raḥmān ibn ʻAlī ibn ʻAbd al-Karīm. Finished copying in the year 750 [1349 or 1350].</subfield></datafield><datafield tag="500" ind1=" " ind2=" "><subfield code="a">Accompanying materials: a. Inventory cataloguing slip in hand of Winifred Smeaton Thomas.</subfield></datafield><datafield tag="500" ind1=" " ind2=" "><subfield code="a">Former shelfmark: From inner front cover, "IL 57 II" (likely supplied by Yahuda).</subfield></datafield><datafield tag="500" ind1=" " ind2=" "><subfield code="a">Binding: Pasteboards covered in red-brown leather ; Type II binding (with flap) though flap and lower cover are now missing ; upper cover carries stamped central mandorla (compare Déroche class. OAi2 7) and pendants ; pastedown of blue laid paper ; pasted label on spine bears former shelfmark ; sewing in light pink thread, four stations and worked chevron endbands in pale pink and blue over red leather core, damaged with only remnants of threads and exposed cores remaining (contribution to cataloguing from Aisha Wahab) ; overall in poor condition with lifting and losses of leather, upper board delaminating, sewing failing, etc ; repair to upper joint across part of spine in brown leather.</subfield></datafield><datafield tag="500" ind1=" " ind2=" "><subfield code="a">Support: non-European (likely Persian) laid paper; laid lines running horizontally and spaced roughly 7-8 laid lines per cm; heavy and flocculent with many undissolved fibers.</subfield></datafield><datafield tag="500" ind1=" " ind2=" "><subfield code="a">Decoration: Sūrah headings and Qurʼānic text rubricated; ink has faded in several places.</subfield></datafield><datafield tag="500" ind1=" " ind2=" "><subfield code="a">Script: Naskh; clear Turkish or Persianate hand in a medium line; mainly sans serif but with occasional serifs on lām of definite article, kāf mashqūqah preferred, pointing in strokes rather than distinct dots, curvilinear descenders, point of nūn set down within wide bowl (nearly encircled).</subfield></datafield><datafield tag="500" ind1=" " ind2=" "><subfield code="a">Layout: Written in 23 lines per page; frame-ruled.</subfield></datafield><datafield tag="500" ind1=" " ind2=" "><subfield code="a">Collation: V (10), V+1 (21), 6 V (81), IV+1 (90), 4 V (130), II+1 (135), 5 V (185), V+1 (196), VI (208), IV +1 (217), 8 V (297), I+1 (300); chiefly quinions; catchwords present; pagination in pencil, Western numerals (referenced in cataloguing).</subfield></datafield><datafield tag="500" ind1=" " ind2=" "><subfield code="a">Colophon: "Scribal," triangular, reads: "تم الربع الثالث من كتاب الكشاف عن تفسير الكلام الوهاب على يدي اضعف عباد الله جرما ... الراجي عفو ربه الكريم محمود بن عبد الرحمن بن علي بن عبد الكريم حامد الله تعالى ومصليا على نبيه وعلى اله الطيبين في سنة خمسين وسبعمائة والحمد لله اولا واخرا وله الحمد ظاهرا وباطنا والسلام"</subfield></datafield><datafield tag="500" ind1=" " ind2=" "><subfield code="a">Explicit: "عن رسول الله صلى الله عليه وسلم من قرى والصافات اعطي من الاجر عشر حسنات بعدد كل جني وشيطان وتباعدت عنه مردة الشيطان ويبرى من الشرك وشهد له حافظاه يوم القيامة انه كان مؤمنا بالمرسلين والحمد لله رب العالمين وهو حسبنا نعم المعين"</subfield></datafield><datafield tag="500" ind1=" " ind2=" "><subfield code="a">Incipit: "سورة مريم عليها السلام ثمان وسبعون اية ويروى [؟] تسع وتسعون ايات"</subfield></datafield><datafield tag="500" ind1=" " ind2=" "><subfield code="a">Title from colophon on fol.300a.</subfield></datafield><datafield tag="500" ind1=" " ind2=" "><subfield code="a">Ms. codex.</subfield></datafield><datafield tag="520" ind1="8" ind2=" "><subfield code="a">Third part of four from al-Zamakhsharī's celebrated commentary on the Qur'an, beginning with Sūrat Maryam (19) and ending with Sūrat al-Ṣāffāt (37)</subfield></datafield><datafield tag="538" ind1=" " ind2=" "><subfield code="a">Mode of access: Internet.</subfield></datafield><datafield tag="541" ind1=" " ind2=" "><subfield code="a">Acquired in 1926 from the bookseller Isaac Benjamin S.E. Yahuda via purchase transacted on his behalf by Abraham Shalom Yahuda (1877-1951), his younger brother.</subfield></datafield><datafield tag="546" ind1=" " ind2=" "><subfield code="a">Arabic.</subfield></datafield><datafield tag="561" ind1=" " ind2=" "><subfield code="a">Several ownership marks on fol.1a, many obliterated, faded or incomplete ; gift / bequest statement on fol.1a, from Shaykh Muḥammad al-Tabrīzī via al-Ustādh ʻAmmār [ʻImād ?] al-Nashāʼī [?] to Ṭāhir ibn Shams [...?], satement reads "صار بحق الهبة من شيخ محمد التبريزي على يد الاتساذ عمار [عماد ؟] النشائي الى العبد الضعيف طاهر بن شمس [؟] المقرى [؟] ..." ; study note on fol.300a dated 971 (1563 or 4) in name of Jalāl al-Dīn ibn al-Shaykh ʻUmar, reads "طالعه [؟] مع اكثر فوايده وحواشيه الفقير جلال الدين بن الشيخ عمر حسن [؟] ... غفر الله تعالى له امين ..." ; many fine examples of taḍbīb throughout for syntax clarification ; numerous glosses.</subfield></datafield><datafield tag="630" ind1="0" ind2="0"><subfield code="a">Qurʼan</subfield><subfield code="v">Commentaries</subfield><subfield code="v">Early works to 1800.</subfield></datafield><datafield tag="650" ind1=" " ind2="0"><subfield code="a">Manuscripts, Arabic</subfield><subfield code="z">Michigan</subfield><subfield code="z">Ann Arbor.</subfield></datafield><datafield tag="700" ind1="0" ind2=" "><subfield code="6">880-05</subfield><subfield code="a">Maḥmūd ibn ʻAbd al-Raḥmān ibn ʻAlī ibn ʻAbd al-Karīm,</subfield><subfield code="d">fl. 1349,</subfield><subfield code="e">scribe.</subfield></datafield><datafield tag="773" ind1="0" ind2=" "><subfield code="a">Yahuda Collection.</subfield></datafield><datafield tag="880" ind1="0" ind2=" "><subfield code="6">700-05/</subfield><subfield code="a">محمود بن عبد الرحمن بن علي بن عبد الكريم,</subfield><subfield code="e">ناسخ.</subfield></datafield><datafield tag="880" ind1="3" ind2=" "><subfield code="6">246-04/</subfield><subfield code="a">جزء الثالث من الكشاف</subfield></datafield><datafield tag="880" ind1="1" ind2="2"><subfield code="6">245-03/</subfield><subfield code="a">الربع الثالث من كتاب الكشاف,</subfield><subfield code="f">[750ه, 1349 أو 1350].</subfield></datafield><datafield tag="880" ind1="1" ind2="0"><subfield code="6">240-02/</subfield><subfield code="a">كشاف.</subfield><subfield code="n">ربع 3</subfield></datafield><datafield tag="880" ind1="1" ind2=" "><subfield code="6">100-01/</subfield><subfield code="a">زمخشري، محمود بن عمر,</subfield><subfield code="d">1075-1144.</subfield></datafield><datafield tag="CID" ind1=" " ind2=" "><subfield code="a">005985838</subfield></datafield><datafield tag="DAT" ind1="0" ind2=" "><subfield code="a">20190719102633.0</subfield><subfield code="b">20190719000000.0</subfield></datafield><datafield tag="DAT" ind1="1" ind2=" "><subfield code="a">20190719090653.0</subfield><subfield code="b">2019-07-19T16:11:12Z</subfield></datafield><datafield tag="DAT" ind1="2" ind2=" "><subfield code="a">2015-10-02T18:00:03Z</subfield></datafield><datafield tag="CAT" ind1=" " ind2=" "><subfield code="a">SDR-MIU</subfield><subfield code="d">EX LIBRIS - ALEPH</subfield><subfield code="l">prepare.pl-004-008</subfield></datafield><datafield tag="FMT" ind1=" " ind2=" "><subfield code="a">BK</subfield></datafield><datafield tag="HOL" ind1=" " ind2=" "><subfield code="0">sdr-miu005985838</subfield><subfield code="a">MiU</subfield><subfield code="b">SDR</subfield><subfield code="c">MIU</subfield><subfield code="p">mdp.39015079105709</subfield><subfield code="s">MIU</subfield><subfield code="1">005985838</subfield></datafield><datafield tag="974" ind1=" " ind2=" "><subfield code="b">MIU</subfield><subfield code="c">MIU</subfield><subfield code="d">20190719</subfield><subfield code="s">lit-dlps-dc</subfield><subfield code="u">mdp.39015079105709</subfield><subfield code="y">1350</subfield><subfield code="r">pd</subfield><subfield code="q">bib</subfield><subfield code="t">non-US bib date2 &lt; 1879</subfield></datafield></record></collection>